<record xmlns="http://www.loc.gov/MARC21/slim" xmlns:xsi="http://www.w3.org/2001/XMLSchema-instance" xsi:schemaLocation="http://www.loc.gov/MARC21/slim http://www.loc.gov/standards/marcxml/schema/MARC21slim.xsd"><leader>00402cz   2200169n  4500</leader><controlfield tag="001">oca00254975 </controlfield><controlfield tag="005">20001207135546.0</controlfield><controlfield tag="008">790410n| acannaab           |a aaa      </controlfield><datafield ind1=" " ind2=" " tag="010"><subfield code="a">n  79021175 </subfield></datafield><datafield ind1=" " ind2=" " tag="040"><subfield code="a">DLC</subfield><subfield code="c">DLC</subfield></datafield><datafield ind1="0" ind2=" " tag="100"><subfield code="a">Thucydides</subfield></datafield><datafield ind1="0" ind2=" " tag="400"><subfield code="a">Fukidid</subfield></datafield><datafield ind1="0" ind2=" " tag="400"><subfield code="a">Tucídides</subfield></datafield><datafield ind1="0" ind2=" " tag="400"><subfield code="a">Thukydides</subfield></datafield><datafield ind1="0" ind2=" " tag="400"><subfield code="a">Thoukydidēs</subfield></datafield><datafield ind1="0" ind2=" " tag="400"><subfield code="a">Tucidide</subfield></datafield><datafield ind1=" " ind2=" " tag="670"><subfield code="a">His Le storie, 1982:</subfield><subfield code="b">t.p. (Tucidide)</subfield></datafield></record>